[gd_scene load_steps=4 format=2]

[ext_resource path="res://Menus/MenuTheme.tres" type="Theme" id=1]
[ext_resource path="res://Menus/TitleScreen/MenuLayer.gd" type="Script" id=2]
[ext_resource path="res://Menus/Sounds/ClickSound.tscn" type="PackedScene" id=3]

[node name="MenuLayer" type="CanvasLayer"]
script = ExtResource( 2 )

[node name="TitleLabel" type="Label" parent="."]
anchor_right = 1.0
margin_top = 54.0
margin_bottom = 121.0
theme = ExtResource( 1 )
text = "First Person Shoveler"
align = 1

[node name="Main" type="Panel" parent="."]
anchor_right = 1.0
anchor_bottom = 1.0
margin_left = 337.0
margin_top = 127.0
margin_right = -337.0
margin_bottom = -31.0
theme = ExtResource( 1 )

[node name="VBoxContainer" type="VBoxContainer" parent="Main"]
anchor_right = 1.0
anchor_bottom = 1.0
margin_left = 62.0
margin_top = 44.0
margin_right = -62.0
margin_bottom = -51.0
custom_constants/separation = 33

[node name="Play" type="Button" parent="Main/VBoxContainer"]
margin_left = 146.0
margin_right = 335.0
margin_bottom = 67.0
size_flags_horizontal = 4
text = "Play"

[node name="Tutorial" type="Button" parent="Main/VBoxContainer"]
margin_left = 61.0
margin_top = 100.0
margin_right = 421.0
margin_bottom = 167.0
size_flags_horizontal = 4
text = "Tutorial"

[node name="Explore" type="Button" parent="Main/VBoxContainer"]
margin_left = 84.0
margin_top = 200.0
margin_right = 397.0
margin_bottom = 267.0
size_flags_horizontal = 4
text = "Explore"

[node name="Settings" type="Button" parent="Main/VBoxContainer"]
margin_left = 83.0
margin_top = 300.0
margin_right = 398.0
margin_bottom = 367.0
size_flags_horizontal = 4
text = "Settings"

[node name="Credits" type="Button" parent="Main/VBoxContainer"]
margin_left = 106.0
margin_top = 400.0
margin_right = 375.0
margin_bottom = 467.0
size_flags_horizontal = 4
text = "Credits"

[node name="Exit" type="Button" parent="Main"]
anchor_right = 1.0
anchor_bottom = 1.0
margin_left = 757.0
margin_top = 508.0
margin_right = 322.0
margin_bottom = 13.0
text = "EXIT"

[node name="Settings" type="Panel" parent="."]
visible = false
anchor_right = 1.0
anchor_bottom = 1.0
margin_left = 209.0
margin_top = 142.0
margin_right = -209.0
margin_bottom = -62.0
theme = ExtResource( 1 )

[node name="VBoxContainer" type="VBoxContainer" parent="Settings"]
anchor_right = 1.0
anchor_bottom = 1.0
margin_left = 79.0
margin_top = 4.0
margin_right = -79.0
margin_bottom = -4.0
custom_constants/separation = 35

[node name="Label" type="Label" parent="Settings/VBoxContainer"]
margin_right = 704.0
margin_bottom = 67.0
text = "settings"
align = 1

[node name="HBoxContainer" type="HBoxContainer" parent="Settings/VBoxContainer"]
margin_top = 102.0
margin_right = 704.0
margin_bottom = 169.0

[node name="Label" type="Label" parent="Settings/VBoxContainer/HBoxContainer"]
margin_right = 350.0
margin_bottom = 67.0
size_flags_horizontal = 3
text = "music"
align = 1

[node name="MusicVolume" type="HSlider" parent="Settings/VBoxContainer/HBoxContainer"]
margin_left = 354.0
margin_right = 704.0
margin_bottom = 67.0
size_flags_horizontal = 3
size_flags_vertical = 1
min_value = -30.0
max_value = 5.0

[node name="HBoxContainer2" type="HBoxContainer" parent="Settings/VBoxContainer"]
margin_top = 204.0
margin_right = 704.0
margin_bottom = 271.0

[node name="Label" type="Label" parent="Settings/VBoxContainer/HBoxContainer2"]
margin_right = 350.0
margin_bottom = 67.0
size_flags_horizontal = 3
text = "SFX"
align = 1

[node name="SfxVolume" type="HSlider" parent="Settings/VBoxContainer/HBoxContainer2"]
margin_left = 354.0
margin_right = 704.0
margin_bottom = 67.0
size_flags_horizontal = 3
size_flags_vertical = 1
min_value = -30.0
max_value = 5.0

[node name="HBoxContainer3" type="HBoxContainer" parent="Settings/VBoxContainer"]
margin_top = 306.0
margin_right = 704.0
margin_bottom = 373.0

[node name="Label" type="Label" parent="Settings/VBoxContainer/HBoxContainer3"]
margin_right = 415.0
margin_bottom = 67.0
size_flags_horizontal = 3
text = "Fullscreen"
align = 1

[node name="CenterContainer" type="CenterContainer" parent="Settings/VBoxContainer/HBoxContainer3"]
margin_left = 419.0
margin_right = 704.0
margin_bottom = 67.0
size_flags_horizontal = 3

[node name="CheckBox" type="CheckBox" parent="Settings/VBoxContainer/HBoxContainer3/CenterContainer"]
margin_left = 124.0
margin_right = 160.0
margin_bottom = 67.0

[node name="Done" type="Button" parent="Settings/VBoxContainer"]
margin_left = 251.0
margin_top = 408.0
margin_right = 452.0
margin_bottom = 475.0
size_flags_horizontal = 4
text = "DONE"

[node name="Credits" type="ColorRect" parent="."]
visible = false
anchor_right = 1.0
anchor_bottom = 1.0
theme = ExtResource( 1 )
color = Color( 0.509804, 0.25098, 0.14902, 1 )

[node name="Label" type="Label" parent="Credits"]
anchor_right = 1.0
anchor_bottom = 1.0
margin_left = 505.0
margin_top = 29.0
margin_right = -506.0
margin_bottom = -624.0
text = "Credits"

[node name="RichTextLabel" type="RichTextLabel" parent="Credits"]
anchor_right = 1.0
anchor_bottom = 1.0
margin_left = 153.0
margin_top = 127.0
margin_right = -153.0
margin_bottom = -127.0
bbcode_enabled = true
bbcode_text = " Team

 [url=https://www.snopekgames.com/]David Snopek[/url] - Programming and Design
 [url=https://twitter.com/DevLogLogan/]Logan Lang[/url] - Programming and Design
 [url=https://twitter.com/LoganMakesGames/]Logan Dalke[/url] - Art and Design
 [url=https://jamphibious.com/]Jamphibious[/url] - Music
 
 Assets

 [url=https://www.fontsquirrel.com/fonts/JungleFever?q%5Bterm%5D=JungleFever&q%5Bsearch_check%5D=Y]Jungle Fever Font[/url] - Nick's Fonts
 [url=https://sketchfab.com/3d-models/stylized-shovel-86922c4c69244eccba28149c32c7dbd0/]Shovel Model[/url] - Izzy
 [url=https://opengameart.org/content/shovel-sound]Shovel dig sound[/url] - themightyglider
 [url=https://opengameart.org/content/swishes-sound-pack]Shovel miss sound[/url] - artisticdude
 [url=https://opengameart.org/content/100-cc0-sfx]Shovel wall sound[/url] - rubberduck
 [url=https://opengameart.org/content/sound-effects-pack]Footsteps[/url] - OwlishMedia
 [url=https://opengameart.org/content/sound-effects-pack]UI Click Sound[/url] - Kenney
 [url=https://freesound.org/people/zimbot/sounds/89390/]Chest shake sound[/url] - zimbot
 [url=https://freesound.org/people/newagesoup/sounds/339361/]Chest thud sound[/url] - newagesoup
 [url=https://freesound.org/people/IPaddeh/sounds/422852/]Chest unlock sound[/url] - IPaddeh
 [url=https://freesound.org/people/scholzi982/sounds/566174/]Chest hinge sound[/url] - scholzi982
 [url=https://freesound.org/people/Scrampunk/sounds/345297/]Treasure collect sound[/url] - Scrampunk
 [url=https://freesound.org/people/misjoc/sounds/400586/]Victory sound[/url] - misjoc
 [url=https://freesound.org/people/FunWithSound/sounds/456964/]Failure sound[/url] - FunWithSound
 [url=https://opengameart.org/content/stone-rock-or-wood-moved-sound]Temple button sound[/url] - pauliuw
 [url=https://opengameart.org/content/cave-in]Temple gate sound[/url] - StarNinjas"
text = " Team

 David Snopek - Programming and Design
 Logan Lang - Programming and Design
 Logan Dalke - Art and Design
 Jamphibious - Music
 
 Assets

 Jungle Fever Font - Nick's Fonts
 Shovel Model - Izzy
 Shovel dig sound - themightyglider
 Shovel miss sound - artisticdude
 Shovel wall sound - rubberduck
 Footsteps - OwlishMedia
 UI Click Sound - Kenney
 Chest shake sound - zimbot
 Chest thud sound - newagesoup
 Chest unlock sound - IPaddeh
 Chest hinge sound - scholzi982
 Treasure collect sound - Scrampunk
 Victory sound - misjoc
 Failure sound - FunWithSound
 Temple button sound - pauliuw
 Temple gate sound - StarNinjas"

[node name="Back" type="Button" parent="Credits"]
anchor_right = 1.0
anchor_bottom = 1.0
margin_left = 546.0
margin_top = 626.0
margin_right = -547.0
margin_bottom = -27.0
text = "Back"

[node name="ClickSound" parent="." instance=ExtResource( 3 )]

[connection signal="pressed" from="Main/VBoxContainer/Play" to="." method="_on_Play_pressed"]
[connection signal="pressed" from="Main/VBoxContainer/Tutorial" to="." method="_on_Tutorial_pressed"]
[connection signal="pressed" from="Main/VBoxContainer/Explore" to="." method="_on_Explore_pressed"]
[connection signal="pressed" from="Main/VBoxContainer/Settings" to="." method="_on_Settings_pressed"]
[connection signal="pressed" from="Main/VBoxContainer/Credits" to="." method="_on_Credits_pressed"]
[connection signal="pressed" from="Main/Exit" to="." method="_on_Exit_pressed"]
[connection signal="value_changed" from="Settings/VBoxContainer/HBoxContainer/MusicVolume" to="." method="_on_MusicVolume_value_changed"]
[connection signal="value_changed" from="Settings/VBoxContainer/HBoxContainer2/SfxVolume" to="." method="_on_SfxVolume_value_changed"]
[connection signal="toggled" from="Settings/VBoxContainer/HBoxContainer3/CenterContainer/CheckBox" to="." method="_on_CheckBox_toggled"]
[connection signal="pressed" from="Settings/VBoxContainer/Done" to="." method="_on_Done_pressed"]
[connection signal="meta_clicked" from="Credits/RichTextLabel" to="." method="_on_RichTextLabel_meta_clicked"]
[connection signal="pressed" from="Credits/Back" to="." method="_on_Back_pressed"]
