[gd_scene load_steps=12 format=2]

[ext_resource path="res://Puzzle/Chest/BoxBottom.tscn" type="PackedScene" id=1]
[ext_resource path="res://Puzzle/Chest/BoxLid.tscn" type="PackedScene" id=2]
[ext_resource path="res://Puzzle/Chest/GoldBars.tscn" type="PackedScene" id=3]
[ext_resource path="res://Puzzle/Chest/Treasure.gd" type="Script" id=4]
[ext_resource path="res://Puzzle/Sounds/Drop.wav" type="AudioStream" id=5]
[ext_resource path="res://Puzzle/Sounds/Open.wav" type="AudioStream" id=6]
[ext_resource path="res://Puzzle/Sounds/Collect.wav" type="AudioStream" id=7]

[sub_resource type="Animation" id=1]
length = 0.001
tracks/0/type = "value"
tracks/0/path = NodePath("Hinge:rotation_degrees")
tracks/0/interp = 1
tracks/0/loop_wrap = true
tracks/0/imported = false
tracks/0/enabled = true
tracks/0/keys = {
"times": PoolRealArray( 0 ),
"transitions": PoolRealArray( 1 ),
"update": 0,
"values": [ Vector3( 0, 0, 0 ) ]
}
tracks/1/type = "value"
tracks/1/path = NodePath(".:rotation_degrees")
tracks/1/interp = 1
tracks/1/loop_wrap = true
tracks/1/imported = false
tracks/1/enabled = true
tracks/1/keys = {
"times": PoolRealArray( 0 ),
"transitions": PoolRealArray( 1 ),
"update": 0,
"values": [ Vector3( 0, 0, 0 ) ]
}
tracks/2/type = "value"
tracks/2/path = NodePath(".:translation")
tracks/2/interp = 1
tracks/2/loop_wrap = true
tracks/2/imported = false
tracks/2/enabled = true
tracks/2/keys = {
"times": PoolRealArray( 0 ),
"transitions": PoolRealArray( 1 ),
"update": 0,
"values": [ Vector3( 0, -1.47188, 0 ) ]
}
tracks/3/type = "value"
tracks/3/path = NodePath(".:scale")
tracks/3/interp = 1
tracks/3/loop_wrap = true
tracks/3/imported = false
tracks/3/enabled = true
tracks/3/keys = {
"times": PoolRealArray( 0 ),
"transitions": PoolRealArray( 1 ),
"update": 0,
"values": [ Vector3( 0.4, 0.4, 0.4 ) ]
}

[sub_resource type="Animation" id=2]
resource_name = "open"
tracks/0/type = "value"
tracks/0/path = NodePath("Hinge:rotation_degrees")
tracks/0/interp = 1
tracks/0/loop_wrap = true
tracks/0/imported = false
tracks/0/enabled = true
tracks/0/keys = {
"times": PoolRealArray( 0.2, 0.6 ),
"transitions": PoolRealArray( -2, 1 ),
"update": 0,
"values": [ Vector3( 0, 0, 0 ), Vector3( -38.698, 0, 0 ) ]
}
tracks/1/type = "value"
tracks/1/path = NodePath(".:rotation_degrees")
tracks/1/interp = 1
tracks/1/loop_wrap = true
tracks/1/imported = false
tracks/1/enabled = true
tracks/1/keys = {
"times": PoolRealArray( 0, 0.2, 0.6 ),
"transitions": PoolRealArray( 0.5, 1, 1 ),
"update": 0,
"values": [ Vector3( 0, 0, 0 ), Vector3( 7.458, 0, 0 ), Vector3( -7.449, 0, 0 ) ]
}

[sub_resource type="Animation" id=3]
resource_name = "place"
length = 0.5
tracks/0/type = "value"
tracks/0/path = NodePath(".:translation")
tracks/0/interp = 1
tracks/0/loop_wrap = true
tracks/0/imported = false
tracks/0/enabled = true
tracks/0/keys = {
"times": PoolRealArray( 0, 0.3, 0.5 ),
"transitions": PoolRealArray( 0.5, 2, 1 ),
"update": 0,
"values": [ Vector3( 0, -1.47188, 0 ), Vector3( 0, 1.06175, 0 ), Vector3( 0, 0, 0 ) ]
}

[sub_resource type="Animation" id=4]
resource_name = "shrink"
tracks/0/type = "value"
tracks/0/path = NodePath(".:scale")
tracks/0/interp = 1
tracks/0/loop_wrap = true
tracks/0/imported = false
tracks/0/enabled = true
tracks/0/keys = {
"times": PoolRealArray( 0, 1 ),
"transitions": PoolRealArray( 2, 1 ),
"update": 0,
"values": [ Vector3( 0.4, 0.4, 0.4 ), Vector3( 0.01, 0.01, 0.01 ) ]
}

[node name="Treasure" type="Spatial"]
transform = Transform( 0.4, 0, 0, 0, 0.4, 0, 0, 0, 0.4, 0, -1.47188, 0 )
script = ExtResource( 4 )

[node name="BoxBottom" parent="." instance=ExtResource( 1 )]

[node name="Hinge" type="Spatial" parent="."]
transform = Transform( 1, 0, 0, 0, 1, 0, 0, 0, 1, 0, 0.186539, -0.729734 )

[node name="BoxLid" parent="Hinge" instance=ExtResource( 2 )]
transform = Transform( 1, 0, 0, 0, 1, 0, 0, 0, 1, 0, -0.188442, 0.729734 )

[node name="GoldBars" parent="." instance=ExtResource( 3 )]

[node name="AnimationPlayer" type="AnimationPlayer" parent="."]
anims/RESET = SubResource( 1 )
anims/open = SubResource( 2 )
anims/place = SubResource( 3 )
anims/shrink = SubResource( 4 )

[node name="DropSound" type="AudioStreamPlayer" parent="."]
stream = ExtResource( 5 )
bus = "Sound"

[node name="OpenSound" type="AudioStreamPlayer" parent="."]
stream = ExtResource( 6 )
bus = "Sound"

[node name="CollectSound" type="AudioStreamPlayer" parent="."]
stream = ExtResource( 7 )
volume_db = -7.0
bus = "Sound"

[connection signal="animation_finished" from="AnimationPlayer" to="." method="_on_AnimationPlayer_animation_finished"]
