[gd_scene load_steps=13 format=2]

[ext_resource path="res://Environment/World.tscn" type="PackedScene" id=1]
[ext_resource path="res://Player/Player.tscn" type="PackedScene" id=2]
[ext_resource path="res://Main.gd" type="Script" id=3]
[ext_resource path="res://Puzzle/PuzzleInterface.tscn" type="PackedScene" id=4]
[ext_resource path="res://Menus/ScreenTransition/ScreenTransition.tscn" type="PackedScene" id=5]
[ext_resource path="res://Menus/PauseMenu/PauseLayer.tscn" type="PackedScene" id=6]
[ext_resource path="res://Player/HUD/HUD.tscn" type="PackedScene" id=7]
[ext_resource path="res://Menus/GameEnd/GameEndInterface.tscn" type="PackedScene" id=8]
[ext_resource path="res://Music/StageMusic.tscn" type="PackedScene" id=9]
[ext_resource path="res://Menus/MenuTheme.tres" type="Theme" id=10]

[sub_resource type="Animation" id=1]
resource_name = "Fade"
length = 5.0
tracks/0/type = "value"
tracks/0/path = NodePath("IntroMessage:modulate")
tracks/0/interp = 1
tracks/0/loop_wrap = true
tracks/0/imported = false
tracks/0/enabled = true
tracks/0/keys = {
"times": PoolRealArray( 0, 2, 5 ),
"transitions": PoolRealArray( 1, 1, 1 ),
"update": 0,
"values": [ Color( 1, 1, 1, 1 ), Color( 1, 1, 1, 1 ), Color( 1, 1, 1, 0 ) ]
}
tracks/1/type = "value"
tracks/1/path = NodePath("IntroMessage:visible")
tracks/1/interp = 1
tracks/1/loop_wrap = true
tracks/1/imported = false
tracks/1/enabled = true
tracks/1/keys = {
"times": PoolRealArray( 0, 5 ),
"transitions": PoolRealArray( 1, 1 ),
"update": 1,
"values": [ true, false ]
}

[sub_resource type="Animation" id=2]
length = 0.001
tracks/0/type = "value"
tracks/0/path = NodePath("IntroMessage:modulate")
tracks/0/interp = 1
tracks/0/loop_wrap = true
tracks/0/imported = false
tracks/0/enabled = true
tracks/0/keys = {
"times": PoolRealArray( 0 ),
"transitions": PoolRealArray( 1 ),
"update": 0,
"values": [ Color( 1, 1, 1, 1 ) ]
}
tracks/1/type = "value"
tracks/1/path = NodePath("IntroMessage:visible")
tracks/1/interp = 1
tracks/1/loop_wrap = true
tracks/1/imported = false
tracks/1/enabled = true
tracks/1/keys = {
"times": PoolRealArray( 0 ),
"transitions": PoolRealArray( 1 ),
"update": 0,
"values": [ true ]
}

[node name="Main" type="Spatial"]
script = ExtResource( 3 )

[node name="World" parent="." instance=ExtResource( 1 )]

[node name="Player" parent="." instance=ExtResource( 2 )]

[node name="PuzzleInterface" parent="." instance=ExtResource( 4 )]

[node name="PauseLayer" parent="." instance=ExtResource( 6 )]

[node name="GameEndInterface" parent="." instance=ExtResource( 8 )]

[node name="HUD" parent="." instance=ExtResource( 7 )]

[node name="ScreenTransition" parent="." instance=ExtResource( 5 )]
target_scene = "res://Menus/TitleScreen/TitleScreen.tscn"

[node name="IntroMessageLayer" type="CanvasLayer" parent="."]

[node name="IntroMessage" type="Label" parent="IntroMessageLayer"]
anchor_left = 0.5
anchor_top = 0.5
anchor_right = 0.5
anchor_bottom = 0.5
margin_left = -598.5
margin_top = -75.0
margin_right = 598.5
margin_bottom = 62.0
theme = ExtResource( 10 )
text = "Find all the treasures
before time runs out!"
align = 1

[node name="AnimationPlayer" type="AnimationPlayer" parent="IntroMessageLayer"]
autoplay = "Fade"
anims/Fade = SubResource( 1 )
anims/RESET = SubResource( 2 )

[node name="StageMusic" parent="." instance=ExtResource( 9 )]

[node name="Tween" type="Tween" parent="."]
