[gd_scene load_steps=26 format=2]

[ext_resource path="res://Player/Player.gd" type="Script" id=1]
[ext_resource path="res://Shovel/Shovel.tscn" type="PackedScene" id=2]
[ext_resource path="res://Player/States/Digging.gd" type="Script" id=3]
[ext_resource path="res://addons/snopek-state-machine/StateMachine.gd" type="Script" id=4]
[ext_resource path="res://Player/States/Walking.gd" type="Script" id=5]
[ext_resource path="res://Player/States/Idle.gd" type="Script" id=6]
[ext_resource path="res://Player/States/Jumping.gd" type="Script" id=7]
[ext_resource path="res://Player/States/Falling.gd" type="Script" id=8]
[ext_resource path="res://Player/States/Poking.gd" type="Script" id=9]
[ext_resource path="res://Player/Sounds/dig_toss.wav" type="AudioStream" id=10]
[ext_resource path="res://Player/Sounds/plop_02.ogg" type="AudioStream" id=11]
[ext_resource path="res://Player/Sounds/swish-9.wav" type="AudioStream" id=12]
[ext_resource path="res://Player/Sounds/dig_start.wav" type="AudioStream" id=13]
[ext_resource path="res://Player/Sounds/hard-footstep1.wav" type="AudioStream" id=14]
[ext_resource path="res://Player/Sounds/hard-footstep2.wav" type="AudioStream" id=15]
[ext_resource path="res://Player/Sounds/jump-4.wav" type="AudioStream" id=16]
[ext_resource path="res://Player/Sounds/jump-3.wav" type="AudioStream" id=17]
[ext_resource path="res://Player/Sounds/jump-2.wav" type="AudioStream" id=18]
[ext_resource path="res://Player/Sounds/jump-1.wav" type="AudioStream" id=19]
[ext_resource path="res://Player/Sounds/big-fall.wav" type="AudioStream" id=20]
[ext_resource path="res://Player/DiggingProgressBar.tscn" type="PackedScene" id=21]

[sub_resource type="CapsuleMesh" id=2]
radius = 0.25
mid_height = 0.5

[sub_resource type="SpatialMaterial" id=3]
albedo_color = Color( 0.827451, 0.262745, 0.262745, 1 )

[sub_resource type="CapsuleShape" id=1]
radius = 0.25
height = 0.5

[sub_resource type="CylinderShape" id=4]
radius = 0.25
height = 0.25

[node name="Player" type="KinematicBody"]
collision_layer = 2
script = ExtResource( 1 )

[node name="MeshInstance" type="MeshInstance" parent="."]
transform = Transform( 1, 0, 0, 0, -4.37114e-08, 1, 0, -1, -4.37114e-08, 0, 0.5, 0 )
mesh = SubResource( 2 )
material/0 = SubResource( 3 )

[node name="Body" type="CollisionShape" parent="."]
transform = Transform( 1, 0, 0, 0, -4.37114e-08, 1, 0, -1, -4.37114e-08, 0, 0.5, 0 )
shape = SubResource( 1 )

[node name="Feet" type="CollisionShape" parent="."]
transform = Transform( 1, 0, 0, 0, 1, 0, 0, 0, 1, 0, 0.125, 0 )
visible = false
shape = SubResource( 4 )
disabled = true

[node name="GroundRayCast" type="RayCast" parent="."]
transform = Transform( 1, 0, 0, 0, 1, 0, 0, 0, 1, 0, 0.1, 0.138136 )
enabled = true
cast_to = Vector3( 0, -0.3, 0 )

[node name="Pivot" type="Spatial" parent="."]
transform = Transform( 1, 0, 0, 0, 1, 0, 0, 0, 1, 0, 0.75, 0 )

[node name="Camera" type="Camera" parent="Pivot"]
cull_mask = 1

[node name="InteractionRayCast" type="RayCast" parent="Pivot"]
enabled = true
cast_to = Vector3( 0, 0, -1.25 )
collision_mask = 4
collide_with_areas = true
collide_with_bodies = false

[node name="EnvironmentRayCast" type="RayCast" parent="Pivot"]
enabled = true
cast_to = Vector3( 0, 0, -1.25 )

[node name="Shovel" parent="Pivot" instance=ExtResource( 2 )]

[node name="StepSound1" type="AudioStreamPlayer" parent="."]
stream = ExtResource( 14 )
volume_db = 7.0
bus = "Sound"

[node name="StepSound2" type="AudioStreamPlayer" parent="."]
stream = ExtResource( 15 )
volume_db = 7.0
bus = "Sound"

[node name="BigFallSound" type="AudioStreamPlayer" parent="."]
stream = ExtResource( 20 )
volume_db = 10.0
bus = "Sound"

[node name="StateMachine" type="Node" parent="."]
script = ExtResource( 4 )
allowed_transitions = "Idle -> Walking
Walking -> Idle
Idle -> Jumping
Walking -> Jumping
Jumping -> Idle
Idle -> Falling
Walking -> Falling
Jumping -> Falling
Falling -> Idle
Falling -> Walking
Falling -> Jumping
Idle -> Poking
Walking -> Poking
Poking -> Digging
Poking -> Idle
Digging -> Idle"

[node name="Idle" type="Node" parent="StateMachine"]
script = ExtResource( 6 )

[node name="Walking" type="Node" parent="StateMachine"]
script = ExtResource( 5 )

[node name="Jumping" type="Node" parent="StateMachine"]
script = ExtResource( 7 )

[node name="JumpSound1" type="AudioStreamPlayer" parent="StateMachine/Jumping"]
stream = ExtResource( 19 )
volume_db = 7.0
bus = "Sound"

[node name="JumpSound2" type="AudioStreamPlayer" parent="StateMachine/Jumping"]
stream = ExtResource( 18 )
volume_db = 7.0
bus = "Sound"

[node name="JumpSound3" type="AudioStreamPlayer" parent="StateMachine/Jumping"]
stream = ExtResource( 17 )
volume_db = 7.0
bus = "Sound"

[node name="JumpSound4" type="AudioStreamPlayer" parent="StateMachine/Jumping"]
stream = ExtResource( 16 )
volume_db = 7.0
bus = "Sound"

[node name="Falling" type="Node" parent="StateMachine"]
script = ExtResource( 8 )

[node name="Poking" type="Node" parent="StateMachine"]
script = ExtResource( 9 )

[node name="PokingTimer" type="Timer" parent="StateMachine/Poking"]
process_mode = 0
wait_time = 0.25
one_shot = true

[node name="PokeDirtSound" type="AudioStreamPlayer" parent="StateMachine/Poking"]
stream = ExtResource( 13 )
bus = "Sound"

[node name="PokeWallSound" type="AudioStreamPlayer" parent="StateMachine/Poking"]
stream = ExtResource( 11 )
bus = "Sound"

[node name="PokeAirSound" type="AudioStreamPlayer" parent="StateMachine/Poking"]
stream = ExtResource( 12 )
pitch_scale = 1.5
bus = "Sound"

[node name="Digging" type="Node" parent="StateMachine"]
script = ExtResource( 3 )

[node name="DiggingTimer" type="Timer" parent="StateMachine/Digging"]
process_mode = 0
wait_time = 1.7
one_shot = true

[node name="DigSound" type="AudioStreamPlayer" parent="StateMachine/Digging"]
stream = ExtResource( 10 )
volume_db = 10.0
bus = "Sound"

[node name="PokeSound" type="AudioStreamPlayer" parent="StateMachine/Digging"]
stream = ExtResource( 13 )
bus = "Sound"

[node name="CanvasLayer" type="CanvasLayer" parent="."]

[node name="DebugStateLabel" type="Label" parent="CanvasLayer"]
visible = false
anchor_top = 1.0
anchor_bottom = 1.0
margin_top = -14.0
margin_right = 65.0
text = "State: Idle"

[node name="DiggingProgressBar" parent="CanvasLayer" instance=ExtResource( 21 )]
visible = false
margin_left = 22.0
margin_top = 19.0
margin_right = -905.0
margin_bottom = -642.0

[connection signal="animation_stepped" from="Pivot/Shovel" to="." method="_on_Shovel_animation_stepped"]
