[gd_scene load_steps=13 format=2]

[ext_resource path="res://Shovel/ShovelModel.glb" type="PackedScene" id=1]
[ext_resource path="res://Shovel/crosshair.png" type="Texture" id=2]
[ext_resource path="res://Shovel/Shovel.gd" type="Script" id=3]

[sub_resource type="Animation" id=6]
resource_name = "Dig"
length = 0.6
loop = true
step = 0.05
tracks/0/type = "value"
tracks/0/path = NodePath("Model:translation")
tracks/0/interp = 1
tracks/0/loop_wrap = true
tracks/0/imported = false
tracks/0/enabled = true
tracks/0/keys = {
"times": PoolRealArray( 0, 0.15, 0.3, 0.45 ),
"transitions": PoolRealArray( 0.1, 0.1, 1, 0.05 ),
"update": 0,
"values": [ Vector3( 0.025, -0.15, -0.55 ), Vector3( 0.025, -0.17, -0.4 ), Vector3( 0.025, -0.17, -0.4 ), Vector3( 0.025, -0.15, -0.55 ) ]
}
tracks/1/type = "value"
tracks/1/path = NodePath("Model:rotation_degrees")
tracks/1/interp = 1
tracks/1/loop_wrap = true
tracks/1/imported = false
tracks/1/enabled = true
tracks/1/keys = {
"times": PoolRealArray( 0, 0.15, 0.3, 0.45 ),
"transitions": PoolRealArray( 0.1, 0.1, 1, 0.05 ),
"update": 0,
"values": [ Vector3( -15, 90, 25 ), Vector3( -10, 87, -5 ), Vector3( -10, 87, -5 ), Vector3( -15, 90, 25 ) ]
}
tracks/2/type = "method"
tracks/2/path = NodePath(".")
tracks/2/interp = 1
tracks/2/loop_wrap = true
tracks/2/imported = false
tracks/2/enabled = true
tracks/2/keys = {
"times": PoolRealArray( 0.15, 0.4 ),
"transitions": PoolRealArray( 1, 1 ),
"values": [ {
"args": [  ],
"method": "_animation_dig_start"
}, {
"args": [  ],
"method": "_animation_dig_toss"
} ]
}

[sub_resource type="Animation" id=9]
resource_name = "Fall"
length = 0.5
step = 0.05
tracks/0/type = "value"
tracks/0/path = NodePath("Model:translation")
tracks/0/interp = 1
tracks/0/loop_wrap = true
tracks/0/imported = false
tracks/0/enabled = true
tracks/0/keys = {
"times": PoolRealArray( 0, 0.1, 0.5 ),
"transitions": PoolRealArray( 0.5, 2, 1 ),
"update": 0,
"values": [ Vector3( 0.255756, -0.205756, -0.3 ), Vector3( 0.3, -0.24, -0.35 ), Vector3( 0.280541, -0.233781, -0.337035 ) ]
}
tracks/1/type = "value"
tracks/1/path = NodePath("Model:rotation_degrees")
tracks/1/interp = 1
tracks/1/loop_wrap = true
tracks/1/imported = false
tracks/1/enabled = true
tracks/1/keys = {
"times": PoolRealArray( 0, 0.1, 0.5 ),
"transitions": PoolRealArray( 0.5, 2, 1 ),
"update": 0,
"values": [ Vector3( -37.1221, 126.547, 23.8489 ), Vector3( -37.1221, 140, 23.8489 ), Vector3( -24.8192, 111.783, 18.9277 ) ]
}

[sub_resource type="Animation" id=1]
resource_name = "Idle"
length = 3.0
loop = true
tracks/0/type = "value"
tracks/0/path = NodePath("Model:translation")
tracks/0/interp = 1
tracks/0/loop_wrap = true
tracks/0/imported = false
tracks/0/enabled = true
tracks/0/keys = {
"times": PoolRealArray( 0, 1.5 ),
"transitions": PoolRealArray( 0.8, 0.8 ),
"update": 0,
"values": [ Vector3( 0.3, -0.25, -0.3 ), Vector3( 0.292, -0.245, -0.28983 ) ]
}
tracks/1/type = "value"
tracks/1/path = NodePath("Model:rotation_degrees")
tracks/1/interp = 1
tracks/1/loop_wrap = true
tracks/1/imported = false
tracks/1/enabled = true
tracks/1/keys = {
"times": PoolRealArray( 0, 1.5 ),
"transitions": PoolRealArray( 0.8, 0.8 ),
"update": 0,
"values": [ Vector3( -15, 100, 15 ), Vector3( -17.2828, 102.573, 17 ) ]
}

[sub_resource type="Animation" id=7]
resource_name = "Jump"
length = 2.0
tracks/0/type = "value"
tracks/0/path = NodePath("Model:translation")
tracks/0/interp = 1
tracks/0/loop_wrap = true
tracks/0/imported = false
tracks/0/enabled = true
tracks/0/keys = {
"times": PoolRealArray( 0, 0.3, 2 ),
"transitions": PoolRealArray( 0.5, 2, 1 ),
"update": 0,
"values": [ Vector3( 0.295125, -0.245125, -0.3 ), Vector3( 0.25, -0.2, -0.3 ), Vector3( 0.255756, -0.205756, -0.3 ) ]
}
tracks/1/type = "value"
tracks/1/path = NodePath("Model:rotation_degrees")
tracks/1/interp = 1
tracks/1/loop_wrap = true
tracks/1/imported = false
tracks/1/enabled = true
tracks/1/keys = {
"times": PoolRealArray( 0, 0.3, 2 ),
"transitions": PoolRealArray( 0.5, 2, 1 ),
"update": 0,
"values": [ Vector3( -17.4375, 102.925, 15.975 ), Vector3( -40, 130, 25 ), Vector3( -37.1221, 126.547, 23.8489 ) ]
}

[sub_resource type="Animation" id=10]
resource_name = "Land"
length = 0.35
step = 0.05
tracks/0/type = "value"
tracks/0/path = NodePath("Model:translation")
tracks/0/interp = 1
tracks/0/loop_wrap = true
tracks/0/imported = false
tracks/0/enabled = true
tracks/0/keys = {
"times": PoolRealArray( 0.05, 0.2, 0.35 ),
"transitions": PoolRealArray( 0.5, 0.5, 1 ),
"update": 0,
"values": [ Vector3( 0.280541, -0.233781, -0.337035 ), Vector3( 0.280541, -0.233781, -0.337035 ), Vector3( 0.3, -0.25, -0.3 ) ]
}
tracks/1/type = "value"
tracks/1/path = NodePath("Model:rotation_degrees")
tracks/1/interp = 1
tracks/1/loop_wrap = true
tracks/1/imported = false
tracks/1/enabled = true
tracks/1/keys = {
"times": PoolRealArray( 0.05, 0.2, 0.35 ),
"transitions": PoolRealArray( 0.5, 0.5, 1 ),
"update": 0,
"values": [ Vector3( -24.8192, 111.783, 18.9277 ), Vector3( -10, 105, 0 ), Vector3( -15, 100, 15 ) ]
}
tracks/2/type = "method"
tracks/2/path = NodePath(".")
tracks/2/interp = 1
tracks/2/loop_wrap = true
tracks/2/imported = false
tracks/2/enabled = true
tracks/2/keys = {
"times": PoolRealArray( 0 ),
"transitions": PoolRealArray( 1 ),
"values": [ {
"args": [  ],
"method": "_animation_stepped"
} ]
}

[sub_resource type="Animation" id=12]
resource_name = "Poke"
length = 0.25
step = 0.05
tracks/0/type = "value"
tracks/0/path = NodePath("Model:translation")
tracks/0/interp = 1
tracks/0/loop_wrap = true
tracks/0/imported = false
tracks/0/enabled = true
tracks/0/keys = {
"times": PoolRealArray( 0, 0.15 ),
"transitions": PoolRealArray( 1, 0.05 ),
"update": 0,
"values": [ Vector3( 0.3, -0.25, -0.3 ), Vector3( 0.025, -0.156667, -0.5 ) ]
}
tracks/1/type = "value"
tracks/1/path = NodePath("Model:rotation_degrees")
tracks/1/interp = 1
tracks/1/loop_wrap = true
tracks/1/imported = false
tracks/1/enabled = true
tracks/1/keys = {
"times": PoolRealArray( 0, 0.15 ),
"transitions": PoolRealArray( 1, 0.05 ),
"update": 0,
"values": [ Vector3( -15, 100, 15 ), Vector3( -13.3333, 89, 15 ) ]
}
tracks/2/type = "method"
tracks/2/path = NodePath(".")
tracks/2/interp = 1
tracks/2/loop_wrap = true
tracks/2/imported = false
tracks/2/enabled = true
tracks/2/keys = {
"times": PoolRealArray( 0.15 ),
"transitions": PoolRealArray( 1 ),
"values": [ {
"args": [  ],
"method": "_animation_poked"
} ]
}

[sub_resource type="Animation" id=2]
length = 0.001
tracks/0/type = "value"
tracks/0/path = NodePath("Model:translation")
tracks/0/interp = 1
tracks/0/loop_wrap = true
tracks/0/imported = false
tracks/0/enabled = true
tracks/0/keys = {
"times": PoolRealArray( 0 ),
"transitions": PoolRealArray( 1 ),
"update": 0,
"values": [ Vector3( 0.3, -0.25, -0.3 ) ]
}
tracks/1/type = "value"
tracks/1/path = NodePath("Model:rotation_degrees")
tracks/1/interp = 1
tracks/1/loop_wrap = true
tracks/1/imported = false
tracks/1/enabled = true
tracks/1/keys = {
"times": PoolRealArray( 0 ),
"transitions": PoolRealArray( 1 ),
"update": 0,
"values": [ Vector3( -15, 100, 15 ) ]
}

[sub_resource type="Animation" id=4]
resource_name = "Walk"
length = 0.8
loop = true
step = 0.025
tracks/0/type = "value"
tracks/0/path = NodePath("Model:translation")
tracks/0/interp = 1
tracks/0/loop_wrap = true
tracks/0/imported = false
tracks/0/enabled = true
tracks/0/keys = {
"times": PoolRealArray( 0, 0.3, 0.35, 0.4, 0.7, 0.75 ),
"transitions": PoolRealArray( 0.1, 0.5, 0.1, 0.1, 0.5, 0.5 ),
"update": 0,
"values": [ Vector3( 0.3, -0.25, -0.3 ), Vector3( 0.28, -0.23, -0.27 ), Vector3( 0.28, -0.25, -0.27 ), Vector3( 0.28, -0.23, -0.27 ), Vector3( 0.3, -0.25, -0.3 ), Vector3( 0.3, -0.27, -0.3 ) ]
}
tracks/1/type = "value"
tracks/1/path = NodePath("Model:rotation_degrees")
tracks/1/interp = 1
tracks/1/loop_wrap = true
tracks/1/imported = false
tracks/1/enabled = true
tracks/1/keys = {
"times": PoolRealArray( 0, 0.3, 0.4, 0.7 ),
"transitions": PoolRealArray( 0.5, 0.5, 0.5, 0.5 ),
"update": 0,
"values": [ Vector3( -15, 100, 15 ), Vector3( -25, 115, 22 ), Vector3( -25, 115, 22 ), Vector3( -15, 100, 15 ) ]
}
tracks/2/type = "method"
tracks/2/path = NodePath(".")
tracks/2/interp = 1
tracks/2/loop_wrap = true
tracks/2/imported = false
tracks/2/enabled = true
tracks/2/keys = {
"times": PoolRealArray( 0.3, 0.7 ),
"transitions": PoolRealArray( 1, 1 ),
"values": [ {
"args": [  ],
"method": "_animation_stepped"
}, {
"args": [  ],
"method": "_animation_stepped"
} ]
}

[sub_resource type="Animation" id=11]
resource_name = "Walk from Land"
length = 0.85
step = 0.05
tracks/0/type = "value"
tracks/0/path = NodePath("Model:translation")
tracks/0/interp = 1
tracks/0/loop_wrap = true
tracks/0/imported = false
tracks/0/enabled = true
tracks/0/keys = {
"times": PoolRealArray( 0, 0.05, 0.35, 0.4, 0.45, 0.75, 0.8, 0.85 ),
"transitions": PoolRealArray( 0.5, 0.1, 0.5, 0.1, 0.1, 0.5, 0.5, 0.5 ),
"update": 0,
"values": [ Vector3( 0.3, -0.27, -0.3 ), Vector3( 0.3, -0.25, -0.3 ), Vector3( 0.28, -0.23, -0.27 ), Vector3( 0.28, -0.25, -0.27 ), Vector3( 0.28, -0.23, -0.27 ), Vector3( 0.3, -0.25, -0.3 ), Vector3( 0.3, -0.27, -0.3 ), Vector3( 0.3, -0.25, -0.3 ) ]
}
tracks/1/type = "value"
tracks/1/path = NodePath("Model:rotation_degrees")
tracks/1/interp = 1
tracks/1/loop_wrap = true
tracks/1/imported = false
tracks/1/enabled = true
tracks/1/keys = {
"times": PoolRealArray( 0, 0.05, 0.35, 0.45, 0.75, 0.85 ),
"transitions": PoolRealArray( 0.5, 0.5, 0.5, 0.5, 0.5, 0.5 ),
"update": 0,
"values": [ Vector3( -15, 100, 15 ), Vector3( -15, 100, 15 ), Vector3( -25, 115, 22 ), Vector3( -25, 115, 22 ), Vector3( -15, 100, 15 ), Vector3( -15, 100, 15 ) ]
}
tracks/2/type = "method"
tracks/2/path = NodePath(".")
tracks/2/interp = 1
tracks/2/loop_wrap = true
tracks/2/imported = false
tracks/2/enabled = true
tracks/2/keys = {
"times": PoolRealArray( 0, 0.35, 0.75 ),
"transitions": PoolRealArray( 1, 1, 1 ),
"values": [ {
"args": [  ],
"method": "_animation_stepped"
}, {
"args": [  ],
"method": "_animation_stepped"
}, {
"args": [  ],
"method": "_animation_stepped"
} ]
}

[node name="Shovel" type="Spatial"]
script = ExtResource( 3 )

[node name="Model" parent="." instance=ExtResource( 1 )]
transform = Transform( -0.233701, -0.201258, 0.951251, 0.25, 0.933013, 0.258819, -0.939619, 0.298299, -0.167731, 0.3, -0.25, -0.3 )

[node name="Shovel" parent="Model/Sketchfab_model/287f6e7a957c4df3a498e006efef408dfbx/RootNode" index="0"]
transform = Transform( 100, 0, 0, 0, -1.19209e-05, 100, 0, -100, -1.19209e-05, 0, 0, 0 )

[node name="Shovel_Material_0" parent="Model/Sketchfab_model/287f6e7a957c4df3a498e006efef408dfbx/RootNode/Shovel" index="0"]
layers = 2

[node name="ParticleSpawnPoint" type="Position3D" parent="Model"]
transform = Transform( 0.662824, -0.722903, 0.195139, 0.742575, 0.668096, -0.0472906, -0.0961845, 0.17625, 0.979635, 0.61778, 0.0325579, -0.0363251 )

[node name="AnimationPlayer" type="AnimationPlayer" parent="."]
autoplay = "Idle"
playback_default_blend_time = 0.2
anims/Dig = SubResource( 6 )
anims/Fall = SubResource( 9 )
anims/Idle = SubResource( 1 )
anims/Jump = SubResource( 7 )
anims/Land = SubResource( 10 )
anims/Poke = SubResource( 12 )
anims/RESET = SubResource( 2 )
anims/Walk = SubResource( 4 )
"anims/Walk from Land" = SubResource( 11 )

[node name="ViewportContainer" type="ViewportContainer" parent="."]
anchor_right = 1.0
anchor_bottom = 1.0
mouse_filter = 2
stretch = true

[node name="Viewport" type="Viewport" parent="ViewportContainer"]
size = Vector2( 1280, 720 )
transparent_bg = true
handle_input_locally = false
msaa = 6
render_target_update_mode = 3

[node name="Camera" type="Camera" parent="ViewportContainer/Viewport"]
cull_mask = 2
current = true
fov = 55.0

[node name="CrossHairLayer" type="CanvasLayer" parent="."]

[node name="Crosshair" type="TextureRect" parent="CrossHairLayer"]
modulate = Color( 0.6, 0.6, 0.6, 1 )
anchor_left = 0.5
anchor_top = 0.5
anchor_right = 0.5
anchor_bottom = 0.5
margin_left = -20.0
margin_top = -20.0
margin_right = 20.0
margin_bottom = 20.0
mouse_filter = 2
texture = ExtResource( 2 )

[connection signal="animation_finished" from="AnimationPlayer" to="." method="_on_AnimationPlayer_animation_finished"]

[editable path="Model"]
